@Unpublished{Ko2022,
author = {Ko, Eunmi},
note = {Unpublished Manuscript, Rochester Institute of Technology},
title = {Optimal Central Bank Forward Guidance},
year = {2022}
}

@article{KG2011,
Author = {Kamenica, Emir and Gentzkow, Matthew},
Title = {Bayesian Persuasion},
Journal = {American Economic Review},
Volume = {101},
Number = {6},
Year = {2011},
Month = {October},
Pages = {2590-2615},
DOI = {10.1257/aer.101.6.2590},
URL = {https://www.aeaweb.org/articles?id=10.1257/aer.101.6.2590}
}

@Unpublished{Herbert2021,
author = {Herbert, Sylv\'{e}rie},
note = {Unpublished Manuscript, Banque de France},
title = {State-Dependent central Bank Communication with heterogeneous Beliefs},
year = {2021}
}

@book{aumann1995repeated,
  title={Repeated games with incomplete information},
  author={Aumann, Robert J and Maschler, Michael and Stearns, Richard E},
  year={1995},
  publisher={MIT press}
}

@article{innocenti2022can,
  title={Can Media Pluralism Be Harmful to News Quality?},
  author={Innocenti, Federico},
  journal={Available at SSRN 4257390},
  year={2024}
}

@article{lipnowski2022,
  title={Optimal attention management: A tractable framework},
  author={Lipnowski, Elliot and Mathevet, Laurent and Wei, Dong},
  journal={Games and Economic Behavior},
  volume={133},
  pages={170--180},
  year={2022},
  publisher={Elsevier}
}

@article{Wei2021,
	title={Persuasion under costly learning},
	author={Wei, Dong},
	journal={Journal of Mathematical Economics},
	volume={94},
	pages={102451},
	year={2021},
	publisher={Elsevier}
}

@article{Lipnowski2020,
  title={Attention management},
  author={Lipnowski, Elliot and Mathevet, Laurent and Wei, Dong},
  journal={American Economic Review: Insights},
  volume={2},
  number={1},
  pages={17--32},
  year={2020}
}

@techreport{Bloedel2020,
  title={Persuading a Rationally Inattentive Agent},
  author={Bloedel, Alexander W and Segal, Ilya},
  year={2020},
  institution={Working paper, Stanford University}
}

@article{Sims2003,
title = {Implications of rational inattention},
journal = {Journal of Monetary Economics},
volume = {50},
number = {3},
pages = {665-690},
year = {2003},
author = {Christopher A. Sims}
}

@article{Matyskova2021,
  title={Bayesian persuasion with costly information acquisition},
  author={Matyskova, Ludmila and Montes, Alfonso},
  journal={Journal of Economic Theory},
  pages={105678},
  year={2023},
  publisher={Elsevier}
}

@article{Casiraghi2022,
  title={Central Bank Communications},
  author={Marco Casiraghi and Perez, Leonardo Pio},
  journal={MCM Technical Assistance Handbook},
  year={2022},
  publisher={IMF}
}

@article{crawford1982strategic,
  title={Strategic information transmission},
  author={Crawford, Vincent P and Sobel, Joel},
  journal={Econometrica: Journal of the Econometric Society},
  pages={1431--1451},
  year={1982},
  publisher={JSTOR}
}

@article{stein1989cheap,
  title={Cheap talk and the Fed: A theory of imprecise policy announcements},
  author={Stein, Jeremy C},
  journal={The American Economic Review},
  pages={32--42},
  year={1989},
  publisher={JSTOR}
}

@article{moscarini2007competence,
  title={Competence implies credibility},
  author={Moscarini, Giuseppe},
  journal={American Economic Review},
  volume={97},
  number={1},
  pages={37--63},
  year={2007},
  publisher={American Economic Association}
}

@article{bassetto2019forward,
  title={Forward guidance: Communication, commitment, or both?},
  author={Bassetto, Marco},
  journal={Journal of Monetary Economics},
  volume={108},
  pages={69--86},
  year={2019},
  publisher={Elsevier}
}

@article{evsyukova2024information,
  title={Information Design with Frame Choice},
  author={Evsyukova, Yulia and Innocenti, Federico and Lomys, Niccol{\`o}},
  journal={ZEW-Centre for European Economic Research Discussion Paper},
  number={24-084},
  year={2024}
}

@article{galperti2019persuasion,
  title={Persuasion: The art of changing worldviews},
  author={Galperti, Simone},
  journal={American Economic Review},
  volume={109},
  number={3},
  pages={996--1031},
  year={2019},
  publisher={American Economic Association 2014 Broadway, Suite 305, Nashville, TN 37203}
}